<?xml version="1.0" encoding="UTF-8"?><record xmlns="http://www.loc.gov/MARC21/slim" xmlns:cinclude="http://apache.org/cocoon/include/1.0" xmlns:zs="http://www.loc.gov/zing/srw/">
  <leader>00426cz  a2200121n  4500</leader>
  <controlfield tag="001">n  88220498 </controlfield>
  <controlfield tag="003">DLC</controlfield>
  <controlfield tag="005">20141210073445.0</controlfield>
  <controlfield tag="008">890519n| azannaab           |n aaa     b</controlfield>
  <datafield tag="010" ind1=" " ind2=" ">
    <subfield code="a">n  88220498 </subfield>
  </datafield>
  <datafield tag="040" ind1=" " ind2=" ">
    <subfield code="a">DNLM</subfield>
    <subfield code="b">eng</subfield>
    <subfield code="e">rda</subfield>
    <subfield code="c">DLC</subfield>
    <subfield code="d">DLC</subfield>
  </datafield>
  <datafield tag="100" ind1="1" ind2=" ">
    <subfield code="a">Patterson, Sharen</subfield>
  </datafield>
  <datafield tag="670" ind1=" " ind2=" ">
    <subfield code="a">Physiologic changes affecting drug action [VR] c1987:</subfield>
    <subfield code="b">credit frame (Sharen Patterson, R.N., coord., ancillary serv., family home care, Empire Health Serv.)</subfield>
  </datafield>
</record>